<record><leader>00000cas a22000007a 4500</leader><controlfield tag="001">20127068</controlfield><controlfield tag="008">890804d189118uumauwr ne      0    0eng d</controlfield><datafield ind1=" " ind2=" " tag="010"><subfield code="a">sn 89062149 </subfield></datafield><datafield ind1=" " ind2=" " tag="040"><subfield code="a">MGN</subfield><subfield code="b">eng</subfield><subfield code="c">MGN</subfield><subfield code="d">OCLCQ</subfield></datafield><datafield ind1=" " ind2=" " tag="042"><subfield code="a">msc</subfield></datafield><datafield ind1="0" ind2="0" tag="245"><subfield code="a">Brookfields' union.</subfield></datafield><datafield ind1=" " ind2=" " tag="260"><subfield code="a">Brookfield, Mass. :</subfield><subfield code="b">C.H. Hamilton</subfield></datafield><datafield ind1=" " ind2=" " tag="300"><subfield code="a">v.</subfield></datafield><datafield ind1=" " ind2=" " tag="310"><subfield code="a">Weekly</subfield></datafield><datafield ind1="1" ind2=" " tag="362"><subfield code="a">Began in 1891.</subfield></datafield><datafield ind1=" " ind2=" " tag="580"><subfield code="a">Merged with: Leicester banner, and: Spencer leader (Spencer, Mass. : 1891), and: Warren herald to form: Tri-town weeklies.</subfield></datafield><datafield ind1=" " ind2=" " tag="588"><subfield code="a">Description based on: Vol. 1, no. 3 (Jan. 2, 1892).</subfield></datafield><datafield ind1=" " ind2=" " tag="752"><subfield code="a">United States</subfield><subfield code="b">Massachusetts</subfield><subfield code="c">Worcester</subfield><subfield code="d">Brookfield.</subfield></datafield><datafield ind1="0" ind2="7" tag="785"><subfield code="t">Leicester banner</subfield></datafield><datafield ind1="0" ind2="7" tag="785"><subfield code="t">Spencer leader (Spencer, Mass. : 1891)</subfield><subfield code="w">(DLC)sn 89062541</subfield></datafield><datafield ind1="0" ind2="7" tag="785"><subfield code="t">Warren herald</subfield></datafield><datafield ind1="0" ind2="7" tag="785"><subfield code="t">Tri-town weeklies</subfield><subfield code="w">(DLC)sn 89062542</subfield></datafield></record>